@article{perrinnano,
    author = "Mickael L. Perrin and Riccardo Frisenda and Max Koole and Johannes S. Seldenthuis and Jose A. Celis Gil and Hennie Valkenier and Jan C. Hummelen and Nicolas Renaud and Ferdinand C. Grozema and Josephm M. Thijssen and Diana Dulic and Herre S. J. van der Zant",
    title="Large negative differential conductance in single-molecule break junctions",
    journal="{Nature Nanotechnology}",
    volume="9",
    pages="830-834",
    doi="10.1038/nnano.2014.177",
    year="2014",
    month="August"
}
@article{beenakker,
  title = {Theory of Coulomb-blockade oscillations in the conductance of a quantum dot},
  author = {Beenakker, C. W. J.},
  journal = {Phys. Rev. B},
  volume = {44},
  pages = {1646--1656},
  year = {1991},
  month = {Jul},
  doi = {10.1103/PhysRevB.44.1646},
}
@book{haugjauho,
    author    = "Hartmut J W Haug and Antti-Pekka Jauho",
    title     = "Quantum Kinetics in Transport and Optics of Semiconductors",
    publisher = "Springer",
    year      = "2008",
    isbn      = "978-3-540-73561-8"
}
@article{kohnsham,
  title = {Self-Consistent Equations Including Exchange and Correlation Effects},
  author = {Kohn, W. and Sham, L. J.},
  journal = {Phys. Rev.},
  volume = {140},
  pages = {A1133--A1138},
  year = {1965},
  month = {Nov},
  doi = {10.1103/PhysRev.140.A1133},
} 
@article{nobel1998,
  title = {Nobel Lecture: Electronic structure of matter-wave functions and density functionals},
  author = {Kohn, W.},
  journal = {Rev. Mod. Phys.},
  volume = {71},
  issue = {5},
  year = {1999},
  month = {Oct},
  doi = {10.1103/RevModPhys.71.1253},
}
@article{meir,
  title = {Transport through a strongly interacting electron system: Theory of periodic conductance oscillations},
  author = {Meir, Yigal and Wingreen, Ned S. and Lee, Patrick A.},
  journal = {Phys. Rev. Lett.},
  volume = {66},
  issue = {23},
  pages = {3048--3051},
  numpages = {0},
  year = {1991},
  month = {Jun},
  publisher = {American Physical Society},
  doi = {10.1103/PhysRevLett.66.3048}, 
}

@article{gellmannlow,
  title = {Bound States in Quantum Field Theory},
  author = {Gell-Mann, Murray and Low, Francis},
  journal = {Phys. Rev.},
  volume = {84},
  issue = {2},
  year = {1951},
  month = {Oct},
  doi = {10.1103/PhysRev.84.350},
}
@article{molinari,
   author = "Molinari, Luca Guido",
   title = "Another proof of Gell-Mann and Lowâ€™s theorem",
   journal = "Journal of Mathematical Physics",
   year = "2007",
   volume = "48",
   number = "5", 
   doi = "10.1063/1.2740469" 
}
@book{diventra,
    author    = "Massimiliano {Di Ventra}",
    title     = "Electrical Transport in Nanoscale Systems",
    publisher = "Cambridge University Press",
    year      = "2008",
    isbn      = "9780521896344"
}
@article{bartlett,
title = "Negative probability",
doi = "10.1017/S0305004100022398",
publisher = "Cambridge University Press",
address = "Cambridge, UK",
author = "M. S. Bartlett",
volume = "41",
number = "1",
pages = "71-73",
year = "1945",
month = "June",  
journal = "Mathematical Proceedings of the Cambridge Philosophical Society"
}
@article {josherrereview,
author = {Thijssen, J. M. and Van der Zant, H. S. J.},
title = {Charge transport and single-electron effects in nanoscale systems},
journal = {physica status solidi (b)},
volume = {245},
number = {8}, 
doi = {10.1002/pssb.200743470}, 
year = {2008},
}
@Article{Sasaki2000,
author={Sasaki, S.
and De Franceschi, S.
and Elzerman, J. M.
and van der Wiel, W. G.
and Eto, M.
and Tarucha, S.
and Kouwenhoven, L. P.},
title={Kondo effect in an integer-spin quantum dot},
journal={Nature},
year={2000},
month={Jun}, 
volume={405},
number={6788}, 
doi={10.1038/35015509}, 
}

